@article{btcAddr,
  title={Technical background of version 1 bitcoin addresses.},
  note={\url{https://en.bitcoin.it/wiki/Technical_background_of_Bitcoin_addresses}}
}

@incollection{scribe,
  title={SCRIBE: The design of a large-scale event notification infrastructure},
  author={Rowstron, Antony and Kermarrec, Anne-Marie and Castro, Miguel and Druschel, Peter},
  booktitle={Networked group communication},
  pages={30--43},
  year={2001},
  publisher={Springer}
}

@incollection{pub2sub,
  title={PUB-2-SUB: A Content-Based Publish/Subscribe Framework for Cooperative P2P Networks},
  author={Tran, Duc A and Pham, Cuong},
  booktitle={NETWORKING 2009},
  pages={770--781},
  year={2009},
  publisher={Springer}
}

@incollection{poldercast,
  title={Poldercast: Fast, robust, and scalable architecture for P2P topic-based pub/sub},
  author={Setty, Vinay and van Steen, Maarten and Vitenberg, Roman and Voulgaris, Spyros},
  booktitle={Middleware 2012},
  pages={271--291},
  year={2012},
  publisher={Springer}
}

@article{skypeBackdoor,
  title={[cryptography] skype backdoor confirmation},
  note={\url{http://lists.randombit.net/pipermail/cryptography/2013-May/004224.html}}
}

@article{skypeBackdoor2,
  title={Russian security services were given the opportunity to listen to Skype},
  note={\url{http://www.vedomosti.ru/politics/news/10030771/skype_proslushivayut}}
}

@article{warren2012bitmessage,
  title={Bitmessage: A Peer-to-Peer Message Authentication and Delivery System},
  author={Warren, Jonathan},
  year={2012}
}

@inproceedings{ham2005ara,
  title={ARA: A robust audit to prevent free-riding in P2P networks},
  author={Ham, MyungJoo and Agha, Gul},
  booktitle={Peer-to-Peer Computing, 2005. P2P 2005. Fifth IEEE International Conference on},
  pages={125--132},
  year={2005},
  organization={IEEE}
}
